<record><leader>00000cas a22000007a 4500</leader><controlfield tag="001">15634848</controlfield><controlfield tag="008">870505d18951895iaudn ne      0    0eng d</controlfield><datafield ind1=" " ind2=" " tag="010"><subfield code="a">sn 87058187 </subfield></datafield><datafield ind1=" " ind2=" " tag="040"><subfield code="a">INP</subfield><subfield code="b">eng</subfield><subfield code="c">INP</subfield><subfield code="d">OCLCQ</subfield></datafield><datafield ind1=" " ind2=" " tag="042"><subfield code="a">msc</subfield></datafield><datafield ind1="0" ind2="0" tag="245"><subfield code="a">Davenport daily Republican tribune.</subfield></datafield><datafield ind1="3" ind2="0" tag="246"><subfield code="a">Davenport Sunday Republican tribune</subfield></datafield><datafield ind1="1" ind2="3" tag="246"><subfield code="a">Davenport Republican tribune</subfield></datafield><datafield ind1="1" ind2="7" tag="246"><subfield code="a">Davenport daily Republican</subfield></datafield><datafield ind1=" " ind2=" " tag="260"><subfield code="a">Davenport, Iowa :</subfield><subfield code="b">Tri-City Pub. Co.,</subfield><subfield code="c">1895.</subfield></datafield><datafield ind1=" " ind2=" " tag="300"><subfield code="a">v.</subfield></datafield><datafield ind1=" " ind2=" " tag="310"><subfield code="a">Daily (except Monday)</subfield></datafield><datafield ind1="0" ind2=" " tag="362"><subfield code="a">Sept. 26, 1895-Oct. 15, 1895.</subfield></datafield><datafield ind1=" " ind2=" " tag="500"><subfield code="a">Sunday ed. called: Davenport Sunday Republican tribune.</subfield></datafield><datafield ind1=" " ind2=" " tag="500"><subfield code="a">Publisher varies.</subfield></datafield><datafield ind1=" " ind2=" " tag="515"><subfield code="a">Issues all called 9th year and lack issue no.</subfield></datafield><datafield ind1=" " ind2=" " tag="752"><subfield code="a">United States</subfield><subfield code="b">Iowa</subfield><subfield code="c">Scott</subfield><subfield code="d">Davenport.</subfield></datafield><datafield ind1="0" ind2=" " tag="775"><subfield code="t">Davenport weekly Republican (Davenport, Iowa : 1895)</subfield><subfield code="w">(DLC)sn 87058193</subfield><subfield code="g">&lt;Oct. 3&gt;-15, 1895</subfield></datafield><datafield ind1="0" ind2="0" tag="780"><subfield code="t">Davenport daily tribune</subfield><subfield code="w">(DLC)sn 87058186</subfield></datafield><datafield ind1="0" ind2="0" tag="785"><subfield code="t">Davenport daily Republican</subfield><subfield code="w">(DLC)sn 88059246</subfield></datafield></record>